@article{bamford2010synaptic,
  title={Synaptic rewiring for topographic mapping and receptive field development},
  author={Bamford, Simeon A and Murray, Alan F and Willshaw, David J},
  journal={Neural Networks},
  volume={23},
  number={4},
  pages={517--527},
  year={2010},
  publisher={Elsevier}
}
@article{bienenstock1982theory,
  title={Theory for the development of neuron selectivity: orientation specificity and binocular interaction in visual cortex},
  author={Bienenstock, Elie L and Cooper, Leon N and Munro, Paul W},
  journal={The Journal of Neuroscience},
  volume={2},
  number={1},
  pages={32--48},
  year={1982},
  publisher={Soc Neuroscience}
}
@article{pfister2006triplets,
  title={Triplets of spikes in a model of spike timing-dependent plasticity},
  author={Pfister, Jean-Pascal and Gerstner, Wulfram},
  journal={The Journal of neuroscience},
  volume={26},
  number={38},
  pages={9673--9682},
  year={2006},
  publisher={Soc Neuroscience}
}

@article{hodgkin1952quantitative,
  title={A quantitative description of membrane current and its application to conduction and excitation in nerve},
  author={Hodgkin, Alan L and Huxley, Andrew F},
  journal={The Journal of physiology},
  volume={117},
  number={4},
  pages={500},
  year={1952},
  publisher={Blackwell Publishing}
}

@article{hegde2004temporal,
  title={Temporal dynamics of shape analysis in macaque visual area V2},
  author={Hegd{\'e}, Jay and Van Essen, David C},
  journal={Journal of neurophysiology},
  volume={92},
  number={5},
  pages={3030--3042},
  year={2004},
  publisher={Am Physiological Soc}
}
@article{lewicki2000learning,
	title={Learning overcomplete representations},
	author={Lewicki, Michael and Sejnowski, Terrence},
	journal={Neural computation},
	volume={12},
	number={2},
	pages={337--365},
	year={2000},
	publisher={MIT Press}
}
@article{stevens2001evolutionary,
	title={An evolutionary scaling law for the primate visual system and its basis in cortical function},
	author={Stevens, Charles F},
	journal={Nature},
	volume={411},
	number={6834},
	pages={193--195},
	year={2001},
	publisher={Nature Publishing Group}
}
@incollection{nowak1997timing,
	title={The timing of information transfer in the visual system},
	author={Nowak, Lionel G and Bullier, Jean},
	booktitle={Extrastriate cortex in primates},
	pages={205--241},
	year={1997},
	publisher={Springer}
}
@article{brincat2006dynamic,
	title={Dynamic shape synthesis in posterior inferotemporal cortex},
	author={Brincat, Scott L and Connor, Charles E},
	journal={Neuron},
	volume={49},
	number={1},
	pages={17--24},
	year={2006},
	publisher={Elsevier}
}
@article{majaj2012unified,
	title={A unified neuronal population code fully explains human object recognition},
	author={Majaj, N and Najib, H and Solomon, E and DiCarlo, JJ},
	journal={Computational and Systems Neuroscience (COSYNE)},
	year={2012}
}
@article{hung2005fast,
	title={Fast readout of object identity from macaque inferior temporal cortex},
	author={Hung, Chou P and Kreiman, Gabriel and Poggio, Tomaso and DiCarlo, James J},
	journal={Science},
	volume={310},
	number={5749},
	pages={863--866},
	year={2005},
	publisher={American Association for the Advancement of Science}
}
@article{ermentrout2008reliability,
	title={Reliability, synchrony and noise},
	author={Ermentrout, G Bard and Gal{\'a}n, Roberto F and Urban, Nathaniel N},
	journal={Trends in neurosciences},
	volume={31},
	number={8},
	pages={428--434},
	year={2008},
	publisher={Elsevier}
}
@article{de2007properties,
	title={Properties of shape tuning of macaque inferior temporal neurons examined using rapid serial visual presentation},
	author={De Baene, Wouter and Premereur, Elsie and Vogels, Rufin},
	journal={Journal of Neurophysiology},
	volume={97},
	number={4},
	pages={2900--2916},
	year={2007},
	publisher={Am Physiological Soc}
}

@article{zoccolan2005multiple,
	title={Multiple object response normalization in monkey inferotemporal cortex},
	author={Zoccolan, Davide and Cox, David D and DiCarlo, James J},
	journal={The Journal of Neuroscience},
	volume={25},
	number={36},
	pages={8150--8164},
	year={2005},
	publisher={Soc Neuroscience}
}
@article{vogels2002effects,
	title={Effects of illumination intensity and direction on object coding in macaque inferior temporal cortex},
	author={Vogels, Rufin and Biederman, Irving},
	journal={Cerebral Cortex},
	volume={12},
	number={7},
	pages={756--766},
	year={2002},
	publisher={Oxford Univ Press}
}
@article{logothetis1996visual,
	title={Visual object recognition},
	author={Logothetis, Nikos K and Sheinberg, David L},
	journal={Annual review of neuroscience},
	volume={19},
	number={1},
	pages={577--621},
	year={1996},
	publisher={Annual Reviews 4139 El Camino Way, PO Box 10139, Palo Alto, CA 94303-0139, USA}
}
@article{kaneko1996sequence,
	title={Sequence analysis of the genome of the unicellular cyanobacterium Synechocystis sp. strain PCC6803. II. Sequence determination of the entire genome and assignment of potential protein-coding regions},
	author={Kaneko, Takakazu and Sato, Shusei and Kotani, Hirokazu and Tanaka, Ayako and Asamizu, Erika and Nakamura, Yasukazu and Miyajima, Nobuyuki and Hirosawa, Makoto and Sugiura, Masahiro and Sasamoto, Shigemi and others},
	journal={DNA research},
	volume={3},
	number={3},
	pages={109--136},
	year={1996},
	publisher={Kazusa DNA Resh Ins}
}
@article{desimone1984stimulus,
	title={Stimulus-selective properties of inferior temporal neurons in the macaque},
	author={Desimone, Robert and Albright, THOMAS D and Gross, Charles G and Bruce, Charles},
	journal={The Journal of Neuroscience},
	volume={4},
	number={8},
	pages={2051--2062},
	year={1984},
	publisher={Soc Neuroscience}
}
@article{zoccolan2007trade,
	title={Trade-off between object selectivity and tolerance in monkey inferotemporal cortex},
	author={Zoccolan, Davide and Kouh, Minjoon and Poggio, Tomaso and DiCarlo, James J},
	journal={The Journal of Neuroscience},
	volume={27},
	number={45},
	pages={12292--12307},
	year={2007},
	publisher={Soc Neuroscience}
}
@article{perry2014feature,
	title={Feature integration and object representations along the dorsal stream visual hierarchy},
	author={Perry, Carolyn Jeane and Fallah, Mazyar},
	journal={Frontiers in computational neuroscience},
	volume={8},
	year={2014},
	publisher={Frontiers Media SA}
}
@article{sary1993cue,
	title={Cue-invariant shape selectivity of macaque inferior temporal neurons},
	author={Sary, Gyula and Vogels, Rufin and Orban, Guy A},
	journal={Science},
	volume={260},
	number={5110},
	pages={995--997},
	year={1993},
	publisher={American Association for the Advancement of Science}
}
@article{logothetis1995psychophysical,
	title={Psychophysical and physiological evidence for viewer-centered object representations in the primate},
	author={Logothetis, NK and Pauls, J},
	journal={Cerebral Cortex},
	volume={5},
	number={3},
	pages={270--288},
	year={1995},
	publisher={Oxford University Press}
}
@article{schwartz1983shape,
	title={Shape recognition and inferior temporal neurons},
	author={Schwartz, Eric L and Desimone, Robert and Albright, Thomas D and Gross, Charles G},
	journal={Proceedings of the National Academy of Sciences},
	volume={80},
	number={18},
	pages={5776--5778},
	year={1983},
	publisher={National Acad Sciences}
}
@article{gross2008single,
	title={Single neuron studies of inferior temporal cortex},
	author={Gross, Charles G},
	journal={Neuropsychologia},
	volume={46},
	number={3},
	pages={841--852},
	year={2008},
	publisher={Elsevier}
}
@article{dean1976effects,
	title={Effects of inferotemporal lesions on the behavior of monkeys.},
	author={Dean, Paul},
	journal={Psychological bulletin},
	volume={83},
	number={1},
	pages={41},
	year={1976},
	publisher={American Psychological Association}
}
@article{tanaka1991coding,
	title={Coding visual images of objects in the inferotemporal cortex of the macaque monkey},
	author={Tanaka, Keiji and Saito, Hide-aki and Fukada, Yoshiro and Moriya, Madoka},
	journal={J Neurophysiol},
	volume={66},
	number={1},
	pages={170--189},
	year={1991},
	publisher={Am Physiological Soc}
}
@book{williams2007biological,
	title={Biological Cybernetics Research Trends},
	author={Williams, Thomas O},
	year={2007},
	publisher={Nova Publishers}
}
@article{filipe2013human,
	title={From the human visual system to the computational models of visual attention: a survey},
	author={Filipe, S{\'\i}lvio and Alexandre, Lu{\'\i}s A},
	journal={Artificial Intelligence Review},
	pages={1--47},
	year={2013},
	publisher={Springer}
}
@article{moran1985selective,
	title={Selective attention gates visual processing in the extrastriate cortex},
	author={Moran, Jeffrey and Desimone, Robert},
	journal={Science},
	volume={229},
	number={4715},
	pages={782--784},
	year={1985},
	publisher={American Association for the Advancement of Science}
}
@article{qiu2005figure,
	title={Figure and ground in the visual cortex: V2 combines stereoscopic cues with Gestalt rules},
	author={Qiu, Fangtu T and Von Der Heydt, R{\"u}diger},
	journal={Neuron},
	volume={47},
	number={1},
	pages={155--166},
	year={2005},
	publisher={Elsevier}
}
@article{daniel2009whither,
	title={Whither the hypercolumn?},
	author={Daniel, Y and Zarella, Mark and Burkitt, Guy},
	journal={The Journal of physiology},
	volume={587},
	number={12},
	pages={2791--2805},
	year={2009},
	publisher={Physiological Soc}
}
@article{anzai2007neurons,
	title={Neurons in monkey visual area V2 encode combinations of orientations},
	author={Anzai, Akiyuki and Peng, Xinmiao and Van Essen, David C},
	journal={Nature neuroscience},
	volume={10},
	number={10},
	pages={1313--1321},
	year={2007},
	publisher={Nature Publishing Group}
}
@article{hegde2000selectivity,
	title={Selectivity for complex shapes in primate visual area V2},
	author={Hegd{\'e}, Jay and Van Essen, David C},
	journal={J Neurosci},
	volume={20},
	number={5},
	pages={61--66},
	year={2000}
}
@article{an2012distinct,
	title={Distinct functional organizations for processing different motion signals in V1, V2, and V4 of macaque},
	author={An, Xu and Gong, Hongliang and Qian, Liling and Wang, Xiaochun and Pan, Yanxia and Zhang, Xian and Yang, Yupeng and Wang, Wei},
	journal={The Journal of Neuroscience},
	volume={32},
	number={39},
	pages={13363--13379},
	year={2012},
	publisher={Soc Neuroscience}
}
@book{wu2011early,
	title={Early Detection and Rehabilitation Technologies for Dementia},
	author={Wu, Jinglong},
	year={2011},
	publisher={IGI Global}
}
@article{bosking2002spatial,
	title={Spatial coding of position and orientation in primary visual cortex},
	author={Bosking, William H and Crowley, Justin C and Fitzpatrick, David},
	journal={Nature neuroscience},
	volume={5},
	number={9},
	pages={874--882},
	year={2002},
	publisher={Nature Publishing Group}
}
@article{bednar2009topographica,
	title={Topographica: building and analyzing map-level simulations from Python, C/C++, MATLAB, NEST, or NEURON components},
	author={Bednar, James A},
	journal={Frontiers in neuroinformatics},
	volume={3},
	year={2009},
	publisher={Frontiers Research Foundation}
}
@article{tootell1982deoxyglucose,
	title={Deoxyglucose analysis of retinotopic organization in primate striate cortex},
	author={Tootell, Roger B and Silverman, Martin S and Switkes, Eugene and De Valois, Russell L},
	journal={Science},
	volume={218},
	number={4575},
	pages={902--904},
	year={1982},
	publisher={American Association for the Advancement of Science}
}
@article{hubel1959receptive,
	title={Receptive fields of single neurones in the cat's striate cortex},
	author={Hubel, David H and Wiesel, Torsten N},
	journal={The Journal of physiology},
	volume={148},
	number={3},
	pages={574},
	year={1959},
	publisher={Blackwell Publishing}
}
@article{von1947neocortex,
  title={The neocortex of Macaca mulatta.(Illinois Monogr. med. Sci., 5, No. 4.).},
  author={Von Bonin, Gerhardt and Bailey, Percival},
  year={1947},
  publisher={University of Illinois Press}
}
@article{janssen2000selectivity,
  title={Selectivity for 3D shape that reveals distinct areas within macaque inferior temporal cortex},
  author={Janssen, Peter and Vogels, Rufin and Orban, Guy A},
  journal={Science},
  volume={288},
  number={5473},
  pages={2054--2056},
  year={2000},
  publisher={American Association for the Advancement of Science}
}

@article{vidyasagar2013reading,
  title={Reading into neuronal oscillations in the visual system: implications for developmental dyslexia},
  author={Vidyasagar, Trichur R},
  journal={Frontiers in human neuroscience},
  volume={7},
  year={2013},
  publisher={Frontiers Media SA}
}

@article{serre2010neuromorphic,
  title={A neuromorphic approach to computer vision},
  author={Serre, Thomas and Poggio, Tomaso},
  journal={Communications of the ACM},
  volume={53},
  number={10},
  pages={54--61},
  year={2010},
  publisher={ACM}
}
@article{kravitz2013ventral,
	title={The ventral visual pathway: an expanded neural framework for the processing of object quality},
	author={Kravitz, Dwight J and Saleem, Kadharbatcha S and Baker, Chris I and Ungerleider, Leslie G and Mishkin, Mortimer},
	journal={Trends in cognitive sciences},
	volume={17},
	number={1},
	pages={26--49},
	year={2013},
	publisher={Elsevier}
}
@article{lehky2007comparison,
	title={Comparison of shape encoding in primate dorsal and ventral visual pathways},
	author={Lehky, Sidney R and Sereno, Anne B},
	journal={Journal of neurophysiology},
	volume={97},
	number={1},
	pages={307--319},
	year={2007},
	publisher={Am Physiological Soc}
}
@article{goodale1992separate,
  title={Separate visual pathways for perception and action},
  author={Goodale, Melvyn A and Milner, A David},
  journal={Trends in neurosciences},
  volume={15},
  number={1},
  pages={20--25},
  year={1992},
  publisher={Elsevier}
}
@article{Ungerleider1994157,

title = "‘What’ and ‘where’ in the human brain ",

journal = "Current Opinion in Neurobiology ",

volume = "4",

number = "2",

pages = "157 - 165",

year = "1994",

note = "",

issn = "0959-4388",

doi = "http://dx.doi.org/10.1016/0959-4388(94)90066-3",

url = "http://www.sciencedirect.com/science/article/pii/0959438894900663",

author = "Leslie G. Ungerleider and James V. Haxby",

abstract = "Multiple visual areas in the cortex of nonhuman primates are organized into two hierarchically organized and functionally specialized processing pathways, a ‘ventral stream’ for object vision and a ‘dorsal stream’ for spatial vision. Recent findings from positron emission tomography activation studies have localized these pathways within the human brain, yielding insights into cortical hierarchies, specialization of function, and attentional mechanisms. "

}
@article{prado2005two,
  title={Two cortical systems for reaching in central and peripheral vision},
  author={Prado, J{\'e}r{\^o}me and Clavagnier, Simon and Otzenberger, H{\'e}lene and Scheiber, Christian and Kennedy, Henry and Perenin, Marie-Th{\'e}r{\`e}se},
  journal={Neuron},
  volume={48},
  number={5},
  pages={849--858},
  year={2005},
  publisher={Elsevier}
}
@article{felleman1991distributed,
	title={Distributed hierarchical processing in the primate cerebral cortex},
	author={Felleman, Daniel J and Van Essen, David C},
	journal={Cerebral cortex},
	volume={1},
	number={1},
	pages={1--47},
	year={1991},
	publisher={Oxford Univ Press}
}
@article{dicarlo2007untangling,
	title={Untangling invariant object recognition},
	author={DiCarlo, James J and Cox, David D},
	journal={Trends in cognitive sciences},
	volume={11},
	number={8},
	pages={333--341},
	year={2007},
	publisher={Elsevier}
}
@article{keysers2001speed,
	title={The speed of sight},
	author={Keysers, Christian and Xiao, D-K and F{\"o}ldi{\'a}k, P and Perrett, DI},
	journal={Journal of cognitive neuroscience},
	volume={13},
	number={1},
	pages={90--101},
	year={2001},
	publisher={MIT Press}
}
@article{fabre1998rapid,
	title={Rapid categorization of natural images by rhesus monkeys},
	author={Fabre-Thorpe, Mich{\`e}le and Richard, Ghislaine and Thorpe, Simon J},
	journal={Neuroreport},
	volume={9},
	number={2},
	pages={303--308},
	year={1998},
	publisher={LWW}
}
@article{dicarlo2012does,
	title={How does the brain solve visual object recognition?},
	author={DiCarlo, James J and Zoccolan, Davide and Rust, Nicole C},
	journal={Neuron},
	volume={73},
	number={3},
	pages={415--434},
	year={2012},
	publisher={Elsevier}
}
@article{wysoski2008fast,
  title={Fast and adaptive network of spiking neurons for multi-view visual pattern recognition},
  author={Wysoski, Simei Gomes and Benuskova, Lubica and Kasabov, Nikola},
  journal={Neurocomputing},
  volume={71},
  number={13},
  pages={2563--2575},
  year={2008},
  publisher={Elsevier}
}
@article{rehn2007network,
  title={A network that uses few active neurones to code visual input predicts the diverse shapes of cortical receptive fields},
  author={Rehn, Martin and Sommer, Friedrich T},
  journal={Journal of computational neuroscience},
  volume={22},
  number={2},
  pages={135--146},
  year={2007},
  publisher={Springer}
}

@inproceedings{galluppi2012real,
  title={A real-time, event-driven neuromorphic system for goal-directed attentional selection},
  author={Galluppi, Francesco and Brohan, Kevin and Davidson, Simon and Serrano-Gotarredona, Teresa and Carrasco, Jos{\'e}-Antonio P{\'e}rez and Linares-Barranco, Bernab{\'e} and Furber, Steve},
  booktitle={Neural Information Processing},
  pages={226--233},
  year={2012},
  organization={Springer}
}

@article{lenero20113,
  title={A 3.6 s latency asynchronous frame-free event-driven dynamic-vision-sensor},
  author={Le{\~n}ero-Bardallo, Juan Antonio and Serrano-Gotarredona, Teresa and Linares-Barranco, Bernab{\'e}},
  journal={Solid-State Circuits, IEEE Journal of},
  volume={46},
  number={6},
  pages={1443--1455},
  year={2011},
  publisher={IEEE}
}

@article{furber2014spinnaker,
  title="{The SpiNNaker Project}",
  author={Furber, Steve B and Galluppi, Francesco and Temple, Steve and Plana, Luis A},
  year={2014},
  publisher={IEEE}
}

@inproceedings{delbruck2008frame,
  title={Frame-free dynamic digital vision},
  author={Delbruck, Tobi},
  booktitle={Proceedings of Intl. Symp. on Secure-Life Electronics, Advanced Electronics for Quality Life and Society},
  pages={21--26},
  year={2008}
}

@INPROCEEDINGS{6252490, 
author={Patterson, C. and Galluppi, F. and Rast, A. and Furber, S.}, 
booktitle={Neural Networks (IJCNN), The 2012 International Joint Conference on}, 
title={Visualising large-scale neural network models in real-time}, 
year={2012}, 
pages={1-8}, 
keywords={data visualisation;multiprocessing systems;neural nets;real-time systems;system-on-chip;SpiNNaker programmable neuromimetic system;computational agent;compute time minimisation;experimental networks;general-purpose visualisation platform;large-scale neural network models;network abstraction;network dynamics;real-time visualisation platform;simulation data;Biological system modeling;Brain models;Computational modeling;Data visualization;Neurons;Real time systems}, 
doi={10.1109/IJCNN.2012.6252490}, 
ISSN={2161-4393},}

@article{canny1986computational,
  title={A computational approach to edge detection},
  author={Canny, John},
  journal={Pattern Analysis and Machine Intelligence, IEEE Transactions on},
  number={6},
  pages={679--698},
  year={1986},
  publisher={IEEE}
}

@article{toygar2004multiple,
  title={Multiple classifier implementation of a divide-and-conquer approach using appearance-based statistical methods for face recognition},
  author={Toygar, {\"O}nsen and Acan, Adnan},
  journal={Pattern Recognition Letters},
  volume={25},
  number={12},
  pages={1421--1430},
  year={2004},
  publisher={Elsevier}
}

@article{wei2006robust,
  title={Robust and efficient image alignment based on relative gradient matching},
  author={Wei, Shou-Der and Lai, Shang-Hong},
  journal={Image Processing, IEEE Transactions on},
  volume={15},
  number={10},
  pages={2936--2943},
  year={2006},
  publisher={IEEE}
}
@article{lowe2004distinctive,
  title={Distinctive image features from scale-invariant keypoints},
  author={Lowe, David G},
  journal={International journal of computer vision},
  volume={60},
  number={2},
  pages={91--110},
  year={2004},
  publisher={Springer}
}
@article{bay2008speeded,
  title="{Speeded-up robust features (SURF)}",
  author={Bay, Herbert and Ess, Andreas and Tuytelaars, Tinne and Van Gool, Luc},
  journal={Computer vision and image understanding},
  volume={110},
  number={3},
  pages={346--359},
  year={2008},
  publisher={Elsevier}
}
@article{riesenhuber1999hierarchical,
  title={Hierarchical models of object recognition in cortex},
  author={Riesenhuber, Maximilian and Poggio, Tomaso},
  journal={Nature neuroscience},
  volume={2},
  number={11},
  pages={1019--1025},
  year={1999},
  publisher={Nature Publishing Group}
}
@article{hopfield1995pattern,
  title={Pattern recognition computation using action potential timing for stimulus representation},
  author={Hopfield, John J},
  journal={Nature},
  volume={376},
  number={6535},
  pages={33--36},
  year={1995}
}
@article{natschlager1998spatial,
  title={Spatial and temporal pattern analysis via spiking neurons},
  author={Natschl{\"a}ger, Thomas and Ruf, Berthold},
  journal={Network: Computation in Neural Systems},
  volume={9},
  number={3},
  pages={319--332},
  year={1998},
  publisher={Informa UK Ltd UK}
}
@article{maass1997networks,
  title={Networks of spiking neurons: the third generation of neural network models},
  author={Maass, Wolfgang},
  journal={Neural networks},
  volume={10},
  number={9},
  pages={1659--1671},
  year={1997},
  publisher={Elsevier}
}
@inproceedings{gupta2007character,
  title={Character recognition using spiking neural networks},
  author={Gupta, Ankur and Long, Lyle N},
  booktitle={Neural Networks, 2007. IJCNN 2007. International Joint Conference on},
  pages={53--58},
  year={2007},
  organization={IEEE}
}
@INPROCEEDINGS{6467270,
author={Jun Haeng Lee and Park, P.K.J. and Chang-Woo Shin and Hyunsurk Ryu and Byung Chang Kang and Delbruck, T.},
booktitle={Image Processing (ICIP), 2012 19th IEEE International Conference on},
title="{Touchless hand gesture UI with instantaneous responses}",
year={2012},
month={Sept},
pages={1957-1960},
keywords={correlation methods;gesture recognition;image motion analysis;image sensors;mobile computing;object detection;object tracking;spatiotemporal phenomena;DVS;accurate hand swipe motion detection;biologically inspired vision sensor;dynamic vision sensor;event-driven processing algorithms;graphic UI capable finger tip tracking;instantaneous responses;integrate-and-fire neurons;mobile devices;moving object detection;object edges;output events;real-time touchless hand gesture user interface;spatiotemporal correlation;touchless hand gesture UI;Computational efficiency;Neurons;Radio frequency;Thumb;Tracking;Voltage control;Gesture recognition;Neuromorphic processing;User Interface},
doi={10.1109/ICIP.2012.6467270},
ISSN={1522-4880},}
@article{camunas2012event,
  title={An event-driven multi-kernel convolution processor module for event-driven vision sensors},
  author={Camunas-Mesa, Luis and Zamarreno-Ramos, Carlos and Linares-Barranco, Alejandro and Acosta-Jimenez, Antonio J and Serrano-Gotarredona, Teresa and Linares-Barranco, Bernab{\'e}},
  journal={Solid-State Circuits, IEEE Journal of},
  volume={47},
  number={2},
  pages={504--517},
  year={2012},
  publisher={IEEE}
}
@article{delorme2001networks,
  title={Networks of integrate-and-fire neurons using rank order coding B: spike timing dependent plasticity and emergence of orientation selectivity},
  author={Delorme, Arnaud and Perrinet, Laurent and Thorpe, Simon J},
  journal={Neurocomputing},
  volume={38},
  pages={539--545},
  year={2001},
  publisher={Elsevier}
}
@inproceedings{eliasmith2011nengo,
  title={Nengo and the neural engineering framework: connecting cognitive theory to neuroscience},
  author={Eliasmith, Chris and Stewart, Terrence C},
  booktitle={Proceedings of the 33rd annual meeting of the cognitive science society},
  pages={1--2},
  year={2011}
}
@article{eliasmith2012large,
  title={A large-scale model of the functioning brain},
  author={Eliasmith, Chris and Stewart, Terrence C and Choo, Xuan and Bekolay, Trevor and DeWolf, Travis and Tang, Yichuan and Rasmussen, Daniel},
  journal={science},
  volume={338},
  number={6111},
  pages={1202--1205},
  year={2012},
  publisher={American Association for the Advancement of Science}
}
@inproceedings{naylor2013managing,
  title={Managing the FPGA memory wall: Custom computing or vector processing?},
  author={Naylor, Matthew and Fox, Paul J and Markettos, A Theodore and Moore, Simon W},
  booktitle={Field Programmable Logic and Applications (FPL), 2013 23rd International Conference on},
  pages={1--6},
  year={2013},
  organization={IEEE}
}
@INPROCEEDINGS{6706931,
author={Qian Liu and Patterson, C. and Furber, S. and Zhangqin Huang and Yibin Hou and Huibing Zhang},
booktitle={Neural Networks (IJCNN), The 2013 International Joint Conference on},
title={Modeling populations of spiking neurons for fine timing sound localization},
year={2013},
month={Aug},
pages={1-8},
keywords={audio signal processing;neural nets;Jeffress model;auditory pathways;delay lines;fine timing sound localization;neural simulators;population coded models;population coding;sound detectors;spiking neurons population modeling;timing information;Accuracy;Detectors;Encoding;Neurons;Sociology;Statistics;Timing},
doi={10.1109/IJCNN.2013.6706931},
ISSN={2161-4393},}

@INPROCEEDINGS{5537164,
author={Shih-Chii Liu and van Schaik, A. and Minch, B.A. and Delbruck, T.},
booktitle={Circuits and Systems (ISCAS), Proceedings of 2010 IEEE International Symposium on},
title={Event-based 64-channel binaural silicon cochlea with Q enhancement mechanisms},
year={2010},
month={May},
pages={2027-2030},
keywords={CMOS integrated circuits;digital-analogue conversion;ear;pulse frequency modulation;timing jitter;CMOS process;PFM;address event representation;analog second order filter bank;auditory scene analysis;event based binaural silicon cochlea;on-chip local Q DAC;on-chip spatial sharpening;power 25 mW;power 33 mW;pulse frequency modulation;size 0.35 mum;spatial audition;time 2 mus;timing jitter;voltage 250 mV;Bandwidth;CMOS process;Digital circuits;Dynamic range;Filter bank;Image analysis;Microphones;Pulse modulation;Silicon;Timing jitter;AER;audition;neuromorphic;spike-based},
doi={10.1109/ISCAS.2010.5537164},}


@article{o2013real,
  title={Real-time classification and sensor fusion with a spiking deep belief network},
  author={O'Connor, Peter and Neil, Daniel and Liu, Shih-Chii and Delbruck, Tobi and Pfeiffer, Michael},
  journal={Frontiers in neuroscience},
  volume={7},
  year={2013},
  publisher={Frontiers Media SA}
}
@article{elmezain2009hidden,
  title={A hidden markov model-based isolated and meaningful hand gesture recognition},
  author={Elmezain, Mahmoud and Al-Hamadi, Ayoub and Appenrodt, J{\"o}rg and Michaelis, Bernd},
  journal={International Journal of Electrical, Computer, and Systems Engineering},
  volume={3},
  number={3},
  pages={156--163},
  year={2009}
}
@article{la2008response,
  title={The response of cortical neurons to in vivo-like input current: theory and experiment},
  author={La Camera, Giancarlo and Giugliano, Michele and Senn, Walter and Fusi, Stefano},
  journal={Biological cybernetics},
  volume={99},
  number={4-5},
  pages={279--301},
  year={2008},
  publisher={Springer}
}
@inproceedings{lazzaro1995multi,
  title={A multi-sender asynchronous extension to the AER protocol},
  author={Lazzaro, John and Wawrzynek, John},
  booktitle={Advanced Research in VLSI, Conference on},
  pages={158--158},
  year={1995},
  organization={IEEE Computer Society}
}
@article{lecun1998gradient,
  title={Gradient-based learning applied to document recognition},
  author={LeCun, Yann and Bottou, L{\'e}on and Bengio, Yoshua and Haffner, Patrick},
  journal={Proceedings of the IEEE},
  volume={86},
  number={11},
  pages={2278--2324},
  year={1998},
  publisher={IEEE}
}
@article{burkitt2006review,
  title={A review of the integrate-and-fire neuron model: I. Homogeneous synaptic input},
  author={Burkitt, Anthony N},
  journal={Biological cybernetics},
  volume={95},
  number={1},
  pages={1--19},
  year={2006},
  publisher={Springer}
}
@article{siegert1951first,
  title={On the first passage time probability problem},
  author={Siegert, Arnold JF},
  journal={Physical Review},
  volume={81},
  number={4},
  pages={617},
  year={1951},
  publisher={APS}
}
@ONLINE{video1,
author = {Qian Liu},
title = "{A gabor filter prefers the horizontal lines running on SpiNNaker in real-time }",
month = Sep,
year = {2014},
howpublished = {\url{https://www.youtube.com/watch?v=PvJy6RKAJhw&feature=youtu.be&list=PLxZ1W-Upr3eoQuLxq87qpUL-CwSphtEBJ}
},
urldate = {2014-09-28}
}
@ONLINE{video2,
author = {Qian Liu},
title = {Feature Extraction of Live Retinal Input  },
month = Sep,
year = {2014},
howpublished =
{\url{http://youtu.be/FZJshPCJ1pg?list=PLxZ1W-Upr3eoQuLxq87qpUL-CwSphtEBJ}},
urldate = {2014-09-28}
}
@ONLINE{video3,
author = {Qian Liu},
title = "{Live dynamic posture recognition on SpiNNaker}",
month = Sep,
year = {2014},
howpublished =
{\url{http://youtu.be/yxN90aGGKvg?list=PLxZ1W-Upr3eoQuLxq87qpUL-CwSphtEBJ}},
urldate = {2014-09-28}
}

@ONLINE{appnote8,
author = {Luis A. Plana},
title = "{AppNote 8 - Interfacing AER devices to SpiNNaker using an FPGA}",
day = 17,
month = 4,
year = {2013},
howpublished =
{\url{https://spinnaker.cs.man.ac.uk/tiki-download_wiki_attachment.php?attId=20}},
urldate = {2014-09-28}
}
@article{davison2008pynn,
  title={PyNN: a common interface for neuronal network simulators},
  author={Davison, Andrew P and Br{\"u}derle, Daniel and Eppler, Jochen and Kremkow, Jens and Muller, Eilif and Pecevski, Dejan and Perrinet, Laurent and Yger, Pierre},
  journal={Frontiers in neuroinformatics},
  volume={2},
  year={2008},
  publisher={Frontiers Research Foundation}
}
